% This file was created with JabRef 2.5.
% Encoding: UTF-8
% See the "IEEEtran_bst_HOWTO.pdf" manual for usage information.

@misc{noy2001ontology,
  title={Ontology development 101: A guide to creating your first ontology},
  author={Noy, Natalya F and McGuinness, Deborah L and others},
  year={2001},
  publisher={Stanford knowledge systems laboratory technical report KSL-01-05 and Stanford medical informatics technical report SMI-2001-0880}
}

@article{berners2001semantic,
  title={The semantic web},
  author={Berners-Lee, Tim and Hendler, James and Lassila, Ora and others},
  journal={Scientific american},
  volume={284},
  number={5},
  pages={28--37},
  year={2001},
  publisher={New York, NY, USA:}
}

@www{dsl,
      title  = "Damn Small Linux - Not! - Forum",
      author = "Damn Small Linux",
      timestamp = {2012.01.09},
      urlaccessdate = "\today",
      url= "\url{http://www.damnsmalllinux.org/dsl-n/f/}"
    }
    
@www{ddsl,
      title  = "Damn Small Linux",
      crossref ="dsl",
      url= "\url{http://www.damnsmalllinux.org/}"
    }

@www{valgrind,
      title  = "Valgrind - Manual",
      author = "The Valgrind developers and  Andres Roldan",
      timestamp = {2012.01.09},
      urlaccessdate = "\today",
      url= "\url{http://www.valgrind.org/docs/manual/index.html}"
    }

@www{dossier,
      title  = "The Pac-Man Dossier",
      author = "Jamey Pittman",
      timestamp = {2011.06.16},
      urlaccessdate = "\today",
      url= "\url{http://home.comcast.net/~jpittman2/pacman/pacmandossier.html}"
    }

@www{algrithm,
      title  = "Perfect Maze Creation Algorithms",
      author = "Walter D. Pullen",
      timestamp = {2011.01.24},
      urlaccessdate = "\today",
      url= "\url{http://www.astrolog.org/labyrnth/algrithm.htm}"
    }
    
@www{arduino_code,
      title  = "Arduino",
      author = "Arduino Team",
      timestamp = {2012.09.16},
      urlaccessdate = "23 de fevereiro de 2013",
      url= "\url{http://www.arduino.cc/}"
    }    

@www{textile,
      title  = "Textile 2 - Documentation",
      author = "Movable Type",
      timestamp = {2007},
      urlaccessdate = "\today",
      url= "\url{http://www.movabletype.org/documentation/author/textile-2-syntax.html}"
    }    



@www{python,
      title  = "Maze generation algorithm",
      author = "Nathaniel Johnston",
      timestamp = {2010.08.21},
      urlaccessdate = "\today",
      url= "\url{http://en.wikipedia.org/wiki/Maze_generation_algorithm}"
    }

@www{ruby,
      title  = "An implementation of the Growing Tree algorithm for maze generation.",
      author = "Jamis Buck",
      timestamp = {2010},
      urlaccessdate = "\today",
      url= "\url{https://gist.github.com/760749}"
    }


@www{pinkybug,
      title  = "Why do Pinky and Inky have different behaviors when Pac-Man is facing up?",
      author = "Don Hodges",
      timestamp = {2008.12.30},
      urlaccessdate = "\today",
      url= "\url{http://donhodges.com/pacman_pinky_explanation.htm}"
    }

@manual{Advpdf,
	title = "Advanced Linux Programming",
	author = "Mark Mitchell and Jeffrey Oldham and Alex Samuel",
	publisher = "David Dwyer",
	language = "English",
	year= 2001
	}

@manual{thepdf,
	title = "The Linux Programming Interface",
	author = "Michael KerrisK",
	Publisher = "William Pollock",
	year = 2010,
	organization = "No Starch Press Inc."
	}

@book{tanenbaum2007distributed,
  title={Distributed systems},
  author={Tanenbaum, Andrew and Van Steen, Maarten},
  year={2007},
  publisher={Pearson Prentice Hall}
}

@book{crispin2009agile,
  title={Agile testing: A practical guide for testers and agile teams},
  author={Crispin, Lisa and Gregory, Janet},
  year={2009},
  publisher={Pearson Education}
}
